<record><leader>00000cas a22000007a 4500</leader><controlfield tag="001">9450287</controlfield><controlfield tag="008">830426d18921909ksuwr ne      0    0eng d</controlfield><controlfield tag="009">3789</controlfield><datafield ind1=" " ind2=" " tag="010"><subfield code="a">sn 83040084 </subfield></datafield><datafield ind1=" " ind2=" " tag="040"><subfield code="a">KSH</subfield><subfield code="b">eng</subfield><subfield code="c">KSH</subfield><subfield code="d">NPT</subfield><subfield code="d">OCL</subfield><subfield code="d">NPX</subfield><subfield code="d">NPT</subfield><subfield code="d">OCLCG</subfield></datafield><datafield ind1="1" ind2=" " tag="029"><subfield code="a">AU@</subfield><subfield code="b">000025789367</subfield></datafield><datafield ind1=" " ind2=" " tag="042"><subfield code="a">msc</subfield></datafield><datafield ind1="0" ind2=" " tag="130"><subfield code="a">Atchison champion (Atchison, Kan. : 1892)</subfield></datafield><datafield ind1="0" ind2="4" tag="245"><subfield code="a">The Atchison champion.</subfield></datafield><datafield ind1="0" ind2="0" tag="246"><subfield code="a">Saturday Atchison champion</subfield></datafield><datafield ind1="0" ind2="0" tag="246"><subfield code="a">Weekly Atchison champion</subfield></datafield><datafield ind1="0" ind2="0" tag="246"><subfield code="a">Atchison weekly champion</subfield></datafield><datafield ind1=" " ind2=" " tag="260"><subfield code="a">Atchison, Kan. :</subfield><subfield code="b">[John A. Martin],</subfield><subfield code="c">1892-</subfield></datafield><datafield ind1=" " ind2=" " tag="300"><subfield code="a">v. ;</subfield><subfield code="c">45-75 cm.</subfield></datafield><datafield ind1=" " ind2=" " tag="310"><subfield code="a">Weekly</subfield></datafield><datafield ind1="0" ind2=" " tag="362"><subfield code="a">Vol. 38, no. 38 (Aug. 18, 1892)-</subfield></datafield><datafield ind1="1" ind2=" " tag="362"><subfield code="a">Ceased in 1909?</subfield></datafield><datafield ind1=" " ind2=" " tag="500"><subfield code="a">Published as: Saturday Atchison champion, July 17-Oct. 6, 1900; Weekly Atchison champion, Aug. 22-29, 1901; Atchison weekly champion, Oct. 23, 1908-&lt;June 25, 1909&gt;.</subfield></datafield><datafield ind1=" " ind2=" " tag="500"><subfield code="a">"Republican."</subfield></datafield><datafield ind1=" " ind2=" " tag="580"><subfield code="a">Issued also in daily editions.</subfield></datafield><datafield ind1="1" ind2=" " tag="700"><subfield code="a">Martin, John A.,</subfield><subfield code="d">1839-1889.</subfield></datafield><datafield ind1=" " ind2=" " tag="752"><subfield code="a">United States</subfield><subfield code="b">Kansas</subfield><subfield code="c">Atchison</subfield><subfield code="d">Atchison.</subfield></datafield><datafield ind1="1" ind2=" " tag="775"><subfield code="t">Atchison daily champion (Atchison, Kan. : 1889)</subfield><subfield code="w">(DLC)sn 86064513</subfield></datafield><datafield ind1="1" ind2=" " tag="775"><subfield code="t">Atchison daily champion (Atchison, Kan. : 1895)</subfield><subfield code="w">(DLC)sn 86064514</subfield></datafield><datafield ind1="0" ind2="0" tag="780"><subfield code="t">Atchison weekly champion</subfield><subfield code="w">(DLC)sn 83040082</subfield></datafield></record>